%YAML 1.1
%TAG !u! tag:unity3d.com,2011:
--- !u!1 &100000
GameObject:
  m_ObjectHideFlags: 0
  m_PrefabParentObject: {fileID: 0}
  m_PrefabInternal: {fileID: 100100000}
  serializedVersion: 4
  m_Component:
  - 4: {fileID: 400000}
  - 114: {fileID: 11400002}
  - 65: {fileID: 6500000}
  - 114: {fileID: 11400000}
  m_Layer: 8
  m_Name: AfterMatchScreen
  m_TagString: Untagged
  m_Icon: {fileID: 0}
  m_NavMeshLayer: 0
  m_StaticEditorFlags: 0
  m_IsActive: 0
--- !u!1 &100002
GameObject:
  m_ObjectHideFlags: 1
  m_PrefabParentObject: {fileID: 0}
  m_PrefabInternal: {fileID: 100100000}
  serializedVersion: 4
  m_Component:
  - 4: {fileID: 400002}
  - 114: {fileID: 11400006}
  - 65: {fileID: 6500002}
  - 114: {fileID: 11400004}
  m_Layer: 8
  m_Name: BackButton
  m_TagString: Untagged
  m_Icon: {fileID: 0}
  m_NavMeshLayer: 0
  m_StaticEditorFlags: 0
  m_IsActive: 1
--- !u!1 &100004
GameObject:
  m_ObjectHideFlags: 1
  m_PrefabParentObject: {fileID: 0}
  m_PrefabInternal: {fileID: 100100000}
  serializedVersion: 4
  m_Component:
  - 4: {fileID: 400004}
  - 114: {fileID: 11400008}
  - 65: {fileID: 6500004}
  m_Layer: 8
  m_Name: TitleLabel
  m_TagString: Untagged
  m_Icon: {fileID: 0}
  m_NavMeshLayer: 0
  m_StaticEditorFlags: 0
  m_IsActive: 1
--- !u!1 &100010
GameObject:
  m_ObjectHideFlags: 0
  m_PrefabParentObject: {fileID: 0}
  m_PrefabInternal: {fileID: 100100000}
  serializedVersion: 4
  m_Component:
  - 4: {fileID: 400010}
  - 114: {fileID: 11400020}
  - 65: {fileID: 6500010}
  m_Layer: 8
  m_Name: WindowBackground
  m_TagString: Untagged
  m_Icon: {fileID: 0}
  m_NavMeshLayer: 0
  m_StaticEditorFlags: 0
  m_IsActive: 1
--- !u!1 &100012
GameObject:
  m_ObjectHideFlags: 1
  m_PrefabParentObject: {fileID: 0}
  m_PrefabInternal: {fileID: 100100000}
  serializedVersion: 4
  m_Component:
  - 4: {fileID: 400012}
  - 114: {fileID: 11400022}
  - 65: {fileID: 6500012}
  m_Layer: 8
  m_Name: InfoLabel
  m_TagString: Untagged
  m_Icon: {fileID: 0}
  m_NavMeshLayer: 0
  m_StaticEditorFlags: 0
  m_IsActive: 1
--- !u!4 &400000
Transform:
  m_ObjectHideFlags: 1
  m_PrefabParentObject: {fileID: 0}
  m_PrefabInternal: {fileID: 100100000}
  m_GameObject: {fileID: 100000}
  m_LocalRotation: {x: 0, y: 0, z: 0, w: 1}
  m_LocalPosition: {x: -2.54313159e-06, y: 0, z: 0}
  m_LocalScale: {x: 1, y: 1, z: 1}
  m_Children:
  - {fileID: 400010}
  m_Father: {fileID: 0}
  m_RootOrder: 0
--- !u!4 &400002
Transform:
  m_ObjectHideFlags: 1
  m_PrefabParentObject: {fileID: 0}
  m_PrefabInternal: {fileID: 100100000}
  m_GameObject: {fileID: 100002}
  m_LocalRotation: {x: 0, y: 0, z: 0, w: 1}
  m_LocalPosition: {x: .416664124, y: -1.16666412, z: 0}
  m_LocalScale: {x: 1, y: 1, z: 1}
  m_Children: []
  m_Father: {fileID: 400010}
  m_RootOrder: 1
--- !u!4 &400004
Transform:
  m_ObjectHideFlags: 1
  m_PrefabParentObject: {fileID: 0}
  m_PrefabInternal: {fileID: 100100000}
  m_GameObject: {fileID: 100004}
  m_LocalRotation: {x: 0, y: 0, z: 0, w: 1}
  m_LocalPosition: {x: .113333337, y: -.146998703, z: 0}
  m_LocalScale: {x: 1, y: 1, z: 1}
  m_Children: []
  m_Father: {fileID: 400010}
  m_RootOrder: 0
--- !u!4 &400010
Transform:
  m_ObjectHideFlags: 1
  m_PrefabParentObject: {fileID: 0}
  m_PrefabInternal: {fileID: 100100000}
  m_GameObject: {fileID: 100010}
  m_LocalRotation: {x: 0, y: 0, z: 0, w: 1}
  m_LocalPosition: {x: -.749997377, y: .75, z: 0}
  m_LocalScale: {x: 1, y: 1, z: 1}
  m_Children:
  - {fileID: 400004}
  - {fileID: 400002}
  - {fileID: 400012}
  m_Father: {fileID: 400000}
  m_RootOrder: 0
--- !u!4 &400012
Transform:
  m_ObjectHideFlags: 1
  m_PrefabParentObject: {fileID: 0}
  m_PrefabInternal: {fileID: 100100000}
  m_GameObject: {fileID: 100012}
  m_LocalRotation: {x: 0, y: 0, z: 0, w: 1}
  m_LocalPosition: {x: .113333337, y: -.570182323, z: 0}
  m_LocalScale: {x: 1, y: 1, z: 1}
  m_Children: []
  m_Father: {fileID: 400010}
  m_RootOrder: 2
--- !u!65 &6500000
BoxCollider:
  m_ObjectHideFlags: 1
  m_PrefabParentObject: {fileID: 0}
  m_PrefabInternal: {fileID: 100100000}
  m_GameObject: {fileID: 100000}
  m_Material: {fileID: 0}
  m_IsTrigger: 0
  m_Enabled: 1
  serializedVersion: 2
  m_Size: {x: 2.66666675, y: 2, z: .00100000005}
  m_Center: {x: 0, y: 0, z: 0}
--- !u!65 &6500002
BoxCollider:
  m_ObjectHideFlags: 1
  m_PrefabParentObject: {fileID: 0}
  m_PrefabInternal: {fileID: 100100000}
  m_GameObject: {fileID: 100002}
  m_Material: {fileID: 0}
  m_IsTrigger: 0
  m_Enabled: 1
  serializedVersion: 2
  m_Size: {x: .666666687, y: .13333334, z: .00100000005}
  m_Center: {x: .333333343, y: -.0666666701, z: 0}
--- !u!65 &6500004
BoxCollider:
  m_ObjectHideFlags: 1
  m_PrefabParentObject: {fileID: 0}
  m_PrefabInternal: {fileID: 100100000}
  m_GameObject: {fileID: 100004}
  m_Material: {fileID: 0}
  m_IsTrigger: 0
  m_Enabled: 1
  serializedVersion: 2
  m_Size: {x: 1.27666664, y: .356666684, z: .00100000005}
  m_Center: {x: .638333321, y: -.178333342, z: 0}
--- !u!65 &6500010
BoxCollider:
  m_ObjectHideFlags: 1
  m_PrefabParentObject: {fileID: 0}
  m_PrefabInternal: {fileID: 100100000}
  m_GameObject: {fileID: 100010}
  m_Material: {fileID: 0}
  m_IsTrigger: 0
  m_Enabled: 1
  serializedVersion: 2
  m_Size: {x: 1.5, y: 1.5, z: .00100000005}
  m_Center: {x: .75, y: -.75, z: 0}
--- !u!65 &6500012
BoxCollider:
  m_ObjectHideFlags: 1
  m_PrefabParentObject: {fileID: 0}
  m_PrefabInternal: {fileID: 100100000}
  m_GameObject: {fileID: 100012}
  m_Material: {fileID: 0}
  m_IsTrigger: 0
  m_Enabled: 1
  serializedVersion: 2
  m_Size: {x: 1.27666664, y: .356666684, z: .00100000005}
  m_Center: {x: .638333321, y: -.178333342, z: 0}
--- !u!114 &11400000
MonoBehaviour:
  m_ObjectHideFlags: 1
  m_PrefabParentObject: {fileID: 0}
  m_PrefabInternal: {fileID: 100100000}
  m_GameObject: {fileID: 100000}
  m_Enabled: 1
  m_EditorHideFlags: 0
  m_Script: {fileID: 11500000, guid: 9adaf601a45abe54cb707aaee9b02fae, type: 3}
  m_Name: 
  m_EditorClassIdentifier: 
  InfoLabel: {fileID: 11400022}
--- !u!114 &11400002
MonoBehaviour:
  m_ObjectHideFlags: 1
  m_PrefabParentObject: {fileID: 0}
  m_PrefabInternal: {fileID: 100100000}
  m_GameObject: {fileID: 100000}
  m_Enabled: 1
  m_EditorHideFlags: 0
  m_Script: {fileID: 11500000, guid: 18e0e5854c8aa374597bb28d9adf228a, type: 3}
  m_Name: 
  m_EditorClassIdentifier: 
  anchorStyle: 15
  isEnabled: 1
  isVisible: 1
  isInteractive: 1
  tooltip: 
  pivot: 4
  zindex: 1
  color:
    serializedVersion: 2
    rgba: 4294967295
  disabledColor:
    serializedVersion: 2
    rgba: 4294967295
  size: {x: 800, y: 600}
  minSize: {x: 0, y: 0}
  maxSize: {x: 0, y: 0}
  clipChildren: 0
  tabIndex: -1
  canFocus: 0
  autoFocus: 0
  layout:
    anchorStyle: 15
    margins:
      left: 0
      top: 0
      right: 0
      bottom: 0
    owner: {fileID: 11400002}
  renderOrder: 7
  isLocalized: 0
  hotZoneScale: {x: 1, y: 1}
  allowSignalEvents: 1
  atlas: {fileID: 11400000, guid: 061b63b910d71734eb8a953efb83a358, type: 2}
  backgroundSprite: 
  backgroundColor:
    serializedVersion: 2
    rgba: 4294967295
  padding:
    m_Left: 0
    m_Right: 0
    m_Top: 0
    m_Bottom: 0
--- !u!114 &11400004
MonoBehaviour:
  m_ObjectHideFlags: 1
  m_PrefabParentObject: {fileID: 0}
  m_PrefabInternal: {fileID: 100100000}
  m_GameObject: {fileID: 100002}
  m_Enabled: 1
  m_EditorHideFlags: 0
  m_Script: {fileID: 11500000, guid: ec4b6d41893ad6e499d2ffcefa532575, type: 3}
  m_Name: 
  m_EditorClassIdentifier: 
  DataSource:
    Component: {fileID: 11400006}
    MemberName: Click
  DataTarget:
    Component: {fileID: 11400000}
    MemberName: OnBackButtonClick
  AutoBind: 1
  AutoUnbind: 1
--- !u!114 &11400006
MonoBehaviour:
  m_ObjectHideFlags: 1
  m_PrefabParentObject: {fileID: 0}
  m_PrefabInternal: {fileID: 100100000}
  m_GameObject: {fileID: 100002}
  m_Enabled: 1
  m_EditorHideFlags: 0
  m_Script: {fileID: 11500000, guid: e2d87d87d0197634796d0454f524dd4a, type: 3}
  m_Name: 
  m_EditorClassIdentifier: 
  anchorStyle: 64
  isEnabled: 1
  isVisible: 1
  isInteractive: 1
  tooltip: 
  pivot: 0
  zindex: 2
  color:
    serializedVersion: 2
    rgba: 4294967295
  disabledColor:
    serializedVersion: 2
    rgba: 4294967295
  size: {x: 200, y: 40}
  minSize: {x: 0, y: 0}
  maxSize: {x: 0, y: 0}
  clipChildren: 0
  tabIndex: -1
  canFocus: 0
  autoFocus: 0
  layout:
    anchorStyle: 64
    margins:
      left: 125
      top: 350
      right: 125
      bottom: 60
    owner: {fileID: 11400006}
  renderOrder: 11
  isLocalized: 0
  hotZoneScale: {x: 1, y: 1}
  allowSignalEvents: 1
  atlas: {fileID: 11400000, guid: 061b63b910d71734eb8a953efb83a358, type: 2}
  backgroundSprite: button-normal
  hoverSprite: button-hilite
  disabledSprite: button-disabled
  focusSprite: button-normal
  font: {fileID: 11400000, guid: 6dfcc86da4f8a1342bafc7f42c9643bd, type: 2}
  pressedSprite: button-hilite
  state: 4
  group: {fileID: 0}
  text: Back
  textAlign: 1
  vertAlign: 1
  normalColor:
    serializedVersion: 2
    rgba: 4294967295
  textColor:
    serializedVersion: 2
    rgba: 4294967295
  hoverText:
    serializedVersion: 2
    rgba: 4294967295
  pressedText:
    serializedVersion: 2
    rgba: 4294967295
  focusText:
    serializedVersion: 2
    rgba: 4294967295
  disabledText:
    serializedVersion: 2
    rgba: 4294967295
  hoverColor:
    serializedVersion: 2
    rgba: 4294967295
  pressedColor:
    serializedVersion: 2
    rgba: 4294967295
  focusColor:
    serializedVersion: 2
    rgba: 4294967295
  textScale: 1.5
  textScaleMode: 0
  wordWrap: 0
  padding:
    m_Left: 0
    m_Right: 0
    m_Top: 0
    m_Bottom: 0
  textShadow: 0
  shadowColor:
    serializedVersion: 2
    rgba: 4278190080
  shadowOffset: {x: 1, y: -1}
  autoSize: 0
  clickWhenSpacePressed: 1
--- !u!114 &11400008
MonoBehaviour:
  m_ObjectHideFlags: 1
  m_PrefabParentObject: {fileID: 0}
  m_PrefabInternal: {fileID: 100100000}
  m_GameObject: {fileID: 100004}
  m_Enabled: 1
  m_EditorHideFlags: 0
  m_Script: {fileID: 11500000, guid: 60e3359ffaefe124a992e17c8830875c, type: 3}
  m_Name: 
  m_EditorClassIdentifier: 
  anchorStyle: 65
  isEnabled: 1
  isVisible: 1
  isInteractive: 1
  tooltip: 
  pivot: 0
  zindex: 1
  color:
    serializedVersion: 2
    rgba: 4294967295
  disabledColor:
    serializedVersion: 2
    rgba: 4294967295
  size: {x: 383, y: 107}
  minSize: {x: 0, y: 0}
  maxSize: {x: 0, y: 0}
  clipChildren: 0
  tabIndex: -1
  canFocus: 0
  autoFocus: 0
  layout:
    anchorStyle: 65
    margins:
      left: 34.0019531
      top: 44.0996094
      right: 32.9980469
      bottom: 298.900391
    owner: {fileID: 11400008}
  renderOrder: 10
  isLocalized: 0
  hotZoneScale: {x: 1, y: 1}
  allowSignalEvents: 1
  atlas: {fileID: 11400000, guid: 061b63b910d71734eb8a953efb83a358, type: 2}
  font: {fileID: 11400000, guid: 6dfcc86da4f8a1342bafc7f42c9643bd, type: 2}
  backgroundSprite: 
  backgroundColor:
    serializedVersion: 2
    rgba: 4294967295
  autoSize: 0
  autoHeight: 0
  wordWrap: 0
  text: Game over
  bottomColor:
    serializedVersion: 2
    rgba: 4294967295
  align: 1
  vertAlign: 1
  textScale: 3.125
  textScaleMode: 0
  charSpacing: 0
  colorizeSymbols: 0
  processMarkup: 0
  outline: 0
  outlineWidth: 1
  enableGradient: 0
  outlineColor:
    serializedVersion: 2
    rgba: 4278190080
  shadow: 0
  shadowColor:
    serializedVersion: 2
    rgba: 4278190080
  shadowOffset: {x: 1, y: -1}
  padding:
    m_Left: 0
    m_Right: 0
    m_Top: 0
    m_Bottom: 0
  tabSize: 48
  tabStops: 
--- !u!114 &11400020
MonoBehaviour:
  m_ObjectHideFlags: 1
  m_PrefabParentObject: {fileID: 0}
  m_PrefabInternal: {fileID: 100100000}
  m_GameObject: {fileID: 100010}
  m_Enabled: 1
  m_EditorHideFlags: 0
  m_Script: {fileID: 11500000, guid: a89bcc79f0282bd408fde445bb1b05a5, type: 3}
  m_Name: 
  m_EditorClassIdentifier: 
  anchorStyle: 192
  isEnabled: 1
  isVisible: 1
  isInteractive: 1
  tooltip: 
  pivot: 0
  zindex: 0
  color:
    serializedVersion: 2
    rgba: 4294967295
  disabledColor:
    serializedVersion: 2
    rgba: 4294967295
  size: {x: 450, y: 450}
  minSize: {x: 0, y: 0}
  maxSize: {x: 0, y: 0}
  clipChildren: 0
  tabIndex: -1
  canFocus: 0
  autoFocus: 0
  layout:
    anchorStyle: 192
    margins:
      left: 175
      top: 75
      right: 175
      bottom: 75
    owner: {fileID: 11400020}
  renderOrder: 8
  isLocalized: 0
  hotZoneScale: {x: 1, y: 1}
  allowSignalEvents: 1
  atlas: {fileID: 11400000, guid: 061b63b910d71734eb8a953efb83a358, type: 2}
  spriteName: window-active
  flip: 0
  fillDirection: 0
  fillAmount: 1
  invertFill: 0
--- !u!114 &11400022
MonoBehaviour:
  m_ObjectHideFlags: 1
  m_PrefabParentObject: {fileID: 0}
  m_PrefabInternal: {fileID: 100100000}
  m_GameObject: {fileID: 100012}
  m_Enabled: 1
  m_EditorHideFlags: 0
  m_Script: {fileID: 11500000, guid: 60e3359ffaefe124a992e17c8830875c, type: 3}
  m_Name: 
  m_EditorClassIdentifier: 
  anchorStyle: 65
  isEnabled: 1
  isVisible: 1
  isInteractive: 1
  tooltip: 
  pivot: 0
  zindex: 0
  color:
    serializedVersion: 2
    rgba: 4294967295
  disabledColor:
    serializedVersion: 2
    rgba: 4294967295
  size: {x: 383, y: 107}
  minSize: {x: 0, y: 0}
  maxSize: {x: 0, y: 0}
  clipChildren: 0
  tabIndex: -1
  canFocus: 0
  autoFocus: 0
  layout:
    anchorStyle: 65
    margins:
      left: 34.0019531
      top: 171.054688
      right: 32.9980469
      bottom: 171.945312
    owner: {fileID: 11400022}
  renderOrder: 9
  isLocalized: 0
  hotZoneScale: {x: 1, y: 1}
  allowSignalEvents: 1
  atlas: {fileID: 11400000, guid: 061b63b910d71734eb8a953efb83a358, type: 2}
  font: {fileID: 11400000, guid: 6dfcc86da4f8a1342bafc7f42c9643bd, type: 2}
  backgroundSprite: 
  backgroundColor:
    serializedVersion: 2
    rgba: 4294967295
  autoSize: 0
  autoHeight: 0
  wordWrap: 0
  text: '#VALUE'
  bottomColor:
    serializedVersion: 2
    rgba: 4294967295
  align: 1
  vertAlign: 1
  textScale: 1.5
  textScaleMode: 0
  charSpacing: 0
  colorizeSymbols: 0
  processMarkup: 0
  outline: 0
  outlineWidth: 1
  enableGradient: 0
  outlineColor:
    serializedVersion: 2
    rgba: 4278190080
  shadow: 0
  shadowColor:
    serializedVersion: 2
    rgba: 4278190080
  shadowOffset: {x: 1, y: -1}
  padding:
    m_Left: 0
    m_Right: 0
    m_Top: 0
    m_Bottom: 0
  tabSize: 48
  tabStops: 
--- !u!1001 &100100000
Prefab:
  m_ObjectHideFlags: 1
  serializedVersion: 2
  m_Modification:
    m_TransformParent: {fileID: 0}
    m_Modifications: []
    m_RemovedComponents: []
  m_ParentPrefab: {fileID: 0}
  m_RootGameObject: {fileID: 100000}
  m_IsPrefabParent: 1
  m_IsExploded: 1
